<collection xmlns="http://www.loc.gov/MARC21/slim"><record><leader>00751nam  2200205   450</leader><controlfield tag="001">888</controlfield><controlfield tag="003">http://montalegre.opacnet.com/OPAC/default.aspx?ContentAreaControl=ShowRegHoldings.ascx&amp;RegNo=16662</controlfield><datafield tag="100" ind1=" " ind2=" "><subfield code="a">19920915d1979    a  y0pory010305  ba</subfield></datafield><datafield tag="101" ind1="1" ind2=" "><subfield code="a">por</subfield></datafield><datafield tag="102" ind1=" " ind2=" "><subfield code="a">PT</subfield></datafield><datafield tag="200" ind1="1" ind2=" "><subfield code="a">15 histórias de navegadores</subfield><subfield code="e">Colombo, Magalhães, Diogo Botelho, Tabarly e outros</subfield><subfield code="f">trad. Rui Viana Pereira</subfield><subfield code="g">il. de Alain d'Orange e José Antunes</subfield></datafield><datafield tag="210" ind1=" " ind2=" "><subfield code="a">Lisboa</subfield><subfield code="c">Verbo</subfield><subfield code="d">imp. 1979</subfield></datafield><datafield tag="215" ind1=" " ind2=" "><subfield code="a">239 p.</subfield><subfield code="c">il.</subfield><subfield code="d">21 cm</subfield></datafield><datafield tag="225" ind1="2" ind2=" "><subfield code="a">Série 15</subfield><subfield code="v">29</subfield></datafield><datafield tag="675" ind1=" " ind2=" "><subfield code="a">087.5</subfield><subfield code="v">med</subfield><subfield code="z">por</subfield></datafield><datafield tag="702" ind1=" " ind2="1"><subfield code="a">Pereira</subfield><subfield code="b">Rui Viana</subfield><subfield code="4">730</subfield></datafield><datafield tag="702" ind1=" " ind2="1"><subfield code="a">Orange</subfield><subfield code="b">Alain d'</subfield><subfield code="4">440</subfield></datafield><datafield tag="702" ind1=" " ind2="1"><subfield code="9">4</subfield><subfield code="a">Antunes</subfield><subfield code="b">José</subfield><subfield code="4">440</subfield></datafield><datafield tag="801" ind1=" " ind2="0"><subfield code="a">PT</subfield><subfield code="b">Biblioteca Municipal de Montalegre</subfield><subfield code="g">RPC</subfield></datafield><datafield tag="856" ind1=" " ind2=" "><subfield code="u">locateMedia.asp?cod=20060628102230&amp;ext=jpg</subfield><subfield code="z">CAPA</subfield></datafield><datafield tag="909" ind1="&#9;" ind2=" "><subfield code="a">1</subfield></datafield><datafield tag="966" ind1=" " ind2=" "><subfield code="a">0003086</subfield><subfield code="l">BMM</subfield><subfield code="s">SJ 087.5 PER his 39</subfield></datafield></record></collection>